@manual{ISO-OSI,
	ALTauthor = {International Organisation for Standardisation (ISO)},
	title = {ISO/IEC 7498-1},
	date = {1994},
	OPTedition = {2nd edition},
	OPTurl = {http://standards.iso.org/ittf/PubliclyAvailableStandards/s020269_ISO_IEC_7498-1_1994(E).zip},
	OPTurldate = {2018/03/13},
}
@online{CADETS-main, 
	title = {Causal, Adaptive, Distributed, and Efficient Tracing System (CADETS)},
	url = {https://www.cl.cam.ac.uk/research/security/cadets/},
	OPTurldate = {2018/04/23},
}
@article{Tankard-APT,
	author = {Tankard},
	title = {Advanced Persistent threats and how to monitor and deter them},
	journaltitle = {Network Security},
	date = {August 2011},
	OPTvolume = {2011},
	OPTissue = {8},
	OPTmonth = {August},
	OPTpages = {16-19},
	OPTdoi = {https://doi.org/10.1016/S1353-4858(11)70086-1},,
}

